@article{sergeev2018horovod,
  title={Horovod: fast and easy distributed deep learning in TensorFlow},
  author={Sergeev, Alexander and Del Balso, Mike},
  journal={arXiv preprint arXiv:1802.05799},
  year={2018}
}

@misc{horovodgithub,
  author={Horovod},
  title={Horovod},
  howpublished={\url{https://github.com/horovod/horovod}},
}

@misc{tensorboard,
  author={TensorFlow},
  title={TensorBoard},
  howpublished={\url{https://www.tensorflow.org/tensorboard}},
}

@misc{tfdistributed,
  author={TensorFlow},
  title={Module: tf.distribute},
  howpublished={\url{https://www.tensorflow.org/api_docs/python/tf/distribute}},
}


@misc{tfmodelgarden,
  author={TensorFlow},
  title={TensorFlow Model Garden},
  howpublished={\url{https://github.com/tensorflow/models}},
}

@misc{tfexamplesdamien,
  author={Aymeric Damien},
  title={TensorFlow Examples},
  howpublished={\url{https://github.com/aymericdamien/TensorFlow-Examples}},
}

@misc{tf2tutogithub,
  author={Jackie Loong},
  title={TensorFlow 2.0 Tutorials},
  howpublished={\url{https://github.com/dragen1860/TensorFlow-2.x-Tutorials}},
}

@misc{cifar10github,
  author={\relax{Arconsis IT-Solutions GmbH}},
  title={CIFAR 10 with TensorFlow},
  howpublished={\url{https://github.com/arconsis/cifar-10-with-tensorflow2/blob/master/BetterNetwork.py}},
}

@article{goyal2017accurate,
  title={Accurate, large minibatch sgd: Training imagenet in 1 hour},
  author={Goyal, Priya and Doll{\'a}r, Piotr and Girshick, Ross and Noordhuis, Pieter and Wesolowski, Lukasz and Kyrola, Aapo and Tulloch, Andrew and Jia, Yangqing and He, Kaiming},
  journal={arXiv preprint arXiv:1706.02677},
  year={2017}
}


@inproceedings{zhang2019distributed,
  title={Distributed deep learning strategies for automatic speech recognition},
  author={Zhang, Wei and Cui, Xiaodong and Finkler, Ulrich and Kingsbury, Brian and Saon, George and Kung, David and Picheny, Michael},
  booktitle={ICASSP 2019-2019 IEEE International Conference on Acoustics, Speech and Signal Processing (ICASSP)},
  pages={5706--5710},
  year={2019},
  organization={IEEE}
}

@article{tian2019distributed,
  title={A distributed deep learning system for web attack detection on edge devices},
  author={Tian, Zhihong and Luo, Chaochao and Qiu, Jing and Du, Xiaojiang and Guizani, Mohsen},
  journal={IEEE Transactions on Industrial Informatics},
  volume={16},
  number={3},
  pages={1963--1971},
  year={2019},
  publisher={IEEE}
}

@inproceedings{abadi2016tensorflow,
  title={TensorFlow: a system for Large-Scale machine learning},
  author={Abadi, Mart{\'\i}n and Barham, Paul and Chen, Jianmin and Chen, Zhifeng and Davis, Andy and Dean, Jeffrey and Devin, Matthieu and Ghemawat, Sanjay and Irving, Geoffrey and Isard, Michael and others},
  booktitle={12th USENIX symposium on operating systems design and implementation (OSDI 16)},
  pages={265--283},
  year={2016}
}
@inproceedings{loulergue2019automatic,
  title={Automatic optimization of python skeletal parallel programs},
  author={Loulergue, Fr{\'e}d{\'e}ric and Philippe, Jolan},
  booktitle={International Conference on Algorithms and Architectures for Parallel Processing},
  pages={183--197},
  year={2019},
  organization={Springer}
}
@inproceedings{haryono2021mlcatchup,
  title={MLCatchUp: Automated Update of Deprecated Machine-Learning APIs in Python},
  author={Haryono, Stefanus A and Thung, Ferdian and Lo, David and Lawall, Julia and Jiang, Lingxiao},
  booktitle={2021 IEEE International Conference on Software Maintenance and Evolution (ICSME)},
  pages={584--588},
  year={2021},
  organization={IEEE}
}
@article{reed2022torch,
  title={Torch. fx: Practical program capture and transformation for deep learning in python},
  author={Reed, James and DeVito, Zachary and He, Horace and Ussery, Ansley and Ansel, Jason},
  journal={Proceedings of Machine Learning and Systems},
  volume={4},
  pages={638--651},
  year={2022}
}
@misc{tfonspark,
  author= {Yahoo},
  title = {TensorFlowOnSpark},
  howpublished = {\url{https://github.com/yahoo/TensorFlowOnSpark}},
}

@article{pytorch2019,
  title={Pytorch: An imperative style, high-performance deep learning library},
  author={Paszke, Adam and Gross, Sam and Massa, Francisco and Lerer, Adam and Bradbury, James and Chanan, Gregory and Killeen, Trevor and Lin, Zeming and Gimelshein, Natalia and Antiga, Luca and others},
  journal={Advances in neural information processing systems},
  volume={32},
  year={2019}
}
@inproceedings{deepspeed,
  title={Deepspeed: System optimizations enable training deep learning models with over 100 billion parameters},
  author={Rasley, Jeff and Rajbhandari, Samyam and Ruwase, Olatunji and He, Yuxiong},
  booktitle={Proceedings of the 26th ACM SIGKDD International Conference on Knowledge Discovery \& Data Mining},
  pages={3505--3506},
  year={2020}
}
@article{visser2001survey,
  title={A survey of rewriting strategies in program transformation systems},
  author={Visser, Eelco},
  journal={Electronic Notes in Theoretical Computer Science},
  volume={57},
  pages={109--143},
  year={2001},
  publisher={Elsevier}
}
@article{lecun2015deep,
  title={Deep learning},
  author={LeCun, Yann and Bengio, Yoshua and Hinton, Geoffrey},
  journal={nature},
  volume={521},
  number={7553},
  pages={436--444},
  year={2015},
  publisher={Nature Publishing Group UK London}
}

@article{simonyan2014very,
  title={Very deep convolutional networks for large-scale image recognition},
  author={Simonyan, Karen and Zisserman, Andrew},
  journal={arXiv preprint arXiv:1409.1556},
  year={2014}
}

@inproceedings{he2016deep,
  title={Deep residual learning for image recognition},
  author={He, Kaiming and Zhang, Xiangyu and Ren, Shaoqing and Sun, Jian},
  booktitle={Proceedings of the IEEE conference on computer vision and pattern recognition},
  pages={770--778},
  year={2016}
}
@article{bert2018,
  title={Bert: Pre-training of deep bidirectional transformers for language understanding},
  author={Devlin, Jacob and Chang, Ming-Wei and Lee, Kenton and Toutanova, Kristina},
  journal={arXiv preprint arXiv:1810.04805},
  year={2018}
}
@article{gpt32020,
  title={Language models are few-shot learners},
  author={Brown, Tom and Mann, Benjamin and Ryder, Nick and Subbiah, Melanie and Kaplan, Jared D and Dhariwal, Prafulla and Neelakantan, Arvind and Shyam, Pranav and Sastry, Girish and Askell, Amanda and others},
  journal={Advances in neural information processing systems},
  volume={33},
  pages={1877--1901},
  year={2020}
}
@article{imagenet2014,
  title={Imagenet large scale visual recognition challenge},
  author={Russakovsky, Olga and Deng, Jia and Su, Hao and Krause, Jonathan and Satheesh, Sanjeev and Ma, Sean and Huang, Zhiheng and Karpathy, Andrej and Khosla, Aditya and Bernstein, Michael and others},
  journal={International journal of computer vision},
  volume={115},
  pages={211--252},
  year={2015},
  publisher={Springer}
}
@inproceedings{imagenettraining2017,
  title={Imagenet training in minutes},
  author={You, Yang and Zhang, Zhao and Hsieh, Cho-Jui and Demmel, James and Keutzer, Kurt},
  booktitle={Proceedings of the 47th International Conference on Parallel Processing},
  pages={1--10},
  year={2018}
}
@article{Silver2017alphagozero,
  title={Mastering the game of go without human knowledge},
  author={Silver, David and Schrittwieser, Julian and Simonyan, Karen and Antonoglou, Ioannis and Huang, Aja and Guez, Arthur and Hubert, Thomas and Baker, Lucas and Lai, Matthew and Bolton, Adrian and others},
  journal={nature},
  volume={550},
  number={7676},
  pages={354--359},
  year={2017},
  publisher={Nature Publishing Group}
}
@article{kingma2014adam,
  title={Adam: A method for stochastic optimization},
  author={Kingma, Diederik P and Ba, Jimmy},
  journal={arXiv preprint arXiv:1412.6980},
  year={2014}
}
